<?xml version="1.0" encoding="UTF-8"?>
  <record xmlns="http://www.loc.gov/MARC21/slim" type="Authority">
    <leader>00000nz  a2200000oc 4500</leader>
    <controlfield tag="001">136577059</controlfield>
    <controlfield tag="003">DE-101</controlfield>
    <controlfield tag="005">20081104160405.0</controlfield>
    <controlfield tag="008">081104n||aznnnaabn           | aaa    |c</controlfield>
    <datafield tag="024" ind1="7" ind2=" ">
      <subfield code="a">136577059</subfield>
      <subfield code="0">http://d-nb.info/gnd/136577059</subfield>
      <subfield code="2">gnd</subfield>
    </datafield>
    <datafield tag="035" ind1=" " ind2=" ">
      <subfield code="a">(DE-101)136577059</subfield>
    </datafield>
    <datafield tag="035" ind1=" " ind2=" ">
      <subfield code="a">(DE-588)136577059</subfield>
    </datafield>
    <datafield tag="035" ind1=" " ind2=" ">
      <subfield code="z">(DE-588a)136577059</subfield>
      <subfield code="9">v:zg</subfield>
    </datafield>
    <datafield tag="040" ind1=" " ind2=" ">
      <subfield code="a">DE-7</subfield>
      <subfield code="c">DE-7</subfield>
      <subfield code="9">r:DE-12</subfield>
      <subfield code="b">ger</subfield>
      <subfield code="d">0007</subfield>
    </datafield>
    <datafield tag="042" ind1=" " ind2=" ">
      <subfield code="a">gnd3</subfield>
    </datafield>
    <datafield tag="075" ind1=" " ind2=" ">
      <subfield code="b">p</subfield>
      <subfield code="2">gndgen</subfield>
    </datafield>
    <datafield tag="075" ind1=" " ind2=" ">
      <subfield code="b">piz</subfield>
      <subfield code="2">gndspec</subfield>
    </datafield>
    <datafield tag="079" ind1=" " ind2=" ">
      <subfield code="a">g</subfield>
      <subfield code="q">a</subfield>
      <subfield code="q">f</subfield>
    </datafield>
    <datafield tag="100" ind1="1" ind2=" ">
      <subfield code="a">Müller, Maria Helena</subfield>
      <subfield code="d">1623-1680</subfield>
    </datafield>
    <datafield tag="400" ind1="1" ind2=" ">
      <subfield code="a">Müller, Maria-Helena</subfield>
      <subfield code="d">1623-1680</subfield>
    </datafield>
    <datafield tag="400" ind1="1" ind2=" ">
      <subfield code="a">Müller, Marie Helene</subfield>
      <subfield code="d">1623-1680</subfield>
    </datafield>
    <datafield tag="400" ind1="1" ind2=" ">
      <subfield code="a">Müller, Marie-Helene</subfield>
      <subfield code="d">1623-1680</subfield>
    </datafield>
    <datafield tag="400" ind1="1" ind2=" ">
      <subfield code="a">Müllerin, Maria Helena</subfield>
      <subfield code="d">1623-1680</subfield>
    </datafield>
    <datafield tag="400" ind1="1" ind2=" ">
      <subfield code="a">Müllerin, Maria-Helena</subfield>
      <subfield code="d">1623-1680</subfield>
    </datafield>
    <datafield tag="400" ind1="1" ind2=" ">
      <subfield code="a">Müllerin, Marie Helene</subfield>
      <subfield code="d">1623-1680</subfield>
    </datafield>
    <datafield tag="400" ind1="1" ind2=" ">
      <subfield code="a">Müllerin, Marie-Helene</subfield>
      <subfield code="d">1623-1680</subfield>
    </datafield>
    <datafield tag="400" ind1="1" ind2=" ">
      <subfield code="a">Rosenhard, Maria Helena</subfield>
      <subfield code="d">1623-1680</subfield>
    </datafield>
    <datafield tag="400" ind1="1" ind2=" ">
      <subfield code="a">Rosenhard, Maria-Helena</subfield>
      <subfield code="d">1623-1680</subfield>
    </datafield>
    <datafield tag="400" ind1="1" ind2=" ">
      <subfield code="a">Rosenhard, Marie Helene</subfield>
      <subfield code="d">1623-1680</subfield>
    </datafield>
    <datafield tag="400" ind1="1" ind2=" ">
      <subfield code="a">Rosenhard, Marie-Helene</subfield>
      <subfield code="d">1623-1680</subfield>
    </datafield>
    <datafield tag="400" ind1="1" ind2=" ">
      <subfield code="a">Rosenhardt, Maria Helena</subfield>
      <subfield code="d">1623-1680</subfield>
    </datafield>
    <datafield tag="400" ind1="1" ind2=" ">
      <subfield code="a">Rosenhardt, Maria-Helena</subfield>
      <subfield code="d">1623-1680</subfield>
    </datafield>
    <datafield tag="400" ind1="1" ind2=" ">
      <subfield code="a">Rosenhardt, Marie Helene</subfield>
      <subfield code="d">1623-1680</subfield>
    </datafield>
    <datafield tag="400" ind1="1" ind2=" ">
      <subfield code="a">Rosenhardt, Marie-Helene</subfield>
      <subfield code="d">1623-1680</subfield>
    </datafield>
    <datafield tag="400" ind1="1" ind2=" ">
      <subfield code="a">Rosenhart, Maria Helena</subfield>
      <subfield code="d">1623-1680</subfield>
    </datafield>
    <datafield tag="400" ind1="1" ind2=" ">
      <subfield code="a">Rosenhart, Maria-Helena</subfield>
      <subfield code="d">1623-1680</subfield>
    </datafield>
    <datafield tag="400" ind1="1" ind2=" ">
      <subfield code="a">Rosenhart, Marie Helene</subfield>
      <subfield code="d">1623-1680</subfield>
    </datafield>
    <datafield tag="400" ind1="1" ind2=" ">
      <subfield code="a">Rosenhart, Marie-Helene</subfield>
      <subfield code="d">1623-1680</subfield>
    </datafield>
    <datafield tag="400" ind1="1" ind2=" ">
      <subfield code="a">Rosenhartin, Maria Helena</subfield>
      <subfield code="d">1623-1680</subfield>
    </datafield>
    <datafield tag="400" ind1="1" ind2=" ">
      <subfield code="a">Rosenhartin, Maria-Helena</subfield>
      <subfield code="d">1623-1680</subfield>
    </datafield>
    <datafield tag="400" ind1="1" ind2=" ">
      <subfield code="a">Rosenhartin, Marie Helene</subfield>
      <subfield code="d">1623-1680</subfield>
    </datafield>
    <datafield tag="400" ind1="1" ind2=" ">
      <subfield code="a">Rosenhartin, Marie-Helene</subfield>
      <subfield code="d">1623-1680</subfield>
    </datafield>
    <datafield tag="400" ind1="1" ind2=" ">
      <subfield code="a">Rosenhardt-Glockengiesser, Maria Helena</subfield>
      <subfield code="d">1623-1680</subfield>
    </datafield>
    <datafield tag="400" ind1="1" ind2=" ">
      <subfield code="a">Rosenhardt-Glockengiesser, Maria-Helena</subfield>
      <subfield code="d">1623-1680</subfield>
    </datafield>
    <datafield tag="400" ind1="1" ind2=" ">
      <subfield code="a">Rosenhardt-Glockengiesser, Marie Helene</subfield>
      <subfield code="d">1623-1680</subfield>
    </datafield>
    <datafield tag="400" ind1="1" ind2=" ">
      <subfield code="a">Rosenhardt-Glockengiesser, Marie-Helene</subfield>
      <subfield code="d">1623-1680</subfield>
    </datafield>
    <datafield tag="400" ind1="1" ind2=" ">
      <subfield code="a">Rosenhard-Glockengiesser, Maria Helena</subfield>
      <subfield code="d">1623-1680</subfield>
    </datafield>
    <datafield tag="400" ind1="1" ind2=" ">
      <subfield code="a">Rosenhard-Glockengiesser, Maria-Helena</subfield>
      <subfield code="d">1623-1680</subfield>
    </datafield>
    <datafield tag="400" ind1="1" ind2=" ">
      <subfield code="a">Rosenhard-Glockengiesser, Marie Helene</subfield>
      <subfield code="d">1623-1680</subfield>
    </datafield>
    <datafield tag="400" ind1="1" ind2=" ">
      <subfield code="a">Rosenhard-Glockengiesser, Marie-Helene</subfield>
      <subfield code="d">1623-1680</subfield>
    </datafield>
    <datafield tag="400" ind1="1" ind2=" ">
      <subfield code="a">Glockengiesser, Maria Helena</subfield>
      <subfield code="d">1623-1680</subfield>
    </datafield>
    <datafield tag="400" ind1="1" ind2=" ">
      <subfield code="a">Glockengiesser, Maria-Helena</subfield>
      <subfield code="d">1623-1680</subfield>
    </datafield>
    <datafield tag="400" ind1="1" ind2=" ">
      <subfield code="a">Glockengiesser, Marie Helene</subfield>
      <subfield code="d">1623-1680</subfield>
    </datafield>
    <datafield tag="400" ind1="1" ind2=" ">
      <subfield code="a">Glockengiesser, Marie-Helene</subfield>
      <subfield code="d">1623-1680</subfield>
    </datafield>
    <datafield tag="400" ind1="1" ind2=" ">
      <subfield code="a">Glockengisser, Maria Helena</subfield>
      <subfield code="d">1623-1680</subfield>
    </datafield>
    <datafield tag="400" ind1="1" ind2=" ">
      <subfield code="a">Glockengisser, Maria-Helena</subfield>
      <subfield code="d">1623-1680</subfield>
    </datafield>
    <datafield tag="400" ind1="1" ind2=" ">
      <subfield code="a">Glockengisser, Marie Helene</subfield>
      <subfield code="d">1623-1680</subfield>
    </datafield>
    <datafield tag="400" ind1="1" ind2=" ">
      <subfield code="a">Glockengisser, Marie-Helene</subfield>
      <subfield code="d">1623-1680</subfield>
    </datafield>
    <datafield tag="400" ind1="1" ind2=" ">
      <subfield code="a">Glockengisserin, Maria Helena</subfield>
      <subfield code="d">1623-1680</subfield>
    </datafield>
    <datafield tag="400" ind1="1" ind2=" ">
      <subfield code="a">Glockengisserin, Maria-Helena</subfield>
      <subfield code="d">1623-1680</subfield>
    </datafield>
    <datafield tag="400" ind1="1" ind2=" ">
      <subfield code="a">Glockengisserin, Marie Helene</subfield>
      <subfield code="d">1623-1680</subfield>
    </datafield>
    <datafield tag="400" ind1="1" ind2=" ">
      <subfield code="a">Glockengisserin, Marie-Helene</subfield>
      <subfield code="d">1623-1680</subfield>
    </datafield>
    <datafield tag="400" ind1="1" ind2=" ">
      <subfield code="a">Glokkengiesser, Maria Helena</subfield>
      <subfield code="d">1623-1680</subfield>
    </datafield>
    <datafield tag="400" ind1="1" ind2=" ">
      <subfield code="a">Glokkengiesser, Maria-Helena</subfield>
      <subfield code="d">1623-1680</subfield>
    </datafield>
    <datafield tag="400" ind1="1" ind2=" ">
      <subfield code="a">Glokkengiesser, Marie Helene</subfield>
      <subfield code="d">1623-1680</subfield>
    </datafield>
    <datafield tag="400" ind1="1" ind2=" ">
      <subfield code="a">Glokkengiesser, Marie-Helene</subfield>
      <subfield code="d">1623-1680</subfield>
    </datafield>
    <datafield tag="400" ind1="1" ind2=" ">
      <subfield code="a">Glokkengiesserin, Maria Helena</subfield>
      <subfield code="d">1623-1680</subfield>
    </datafield>
    <datafield tag="400" ind1="1" ind2=" ">
      <subfield code="a">Glokkengiesserin, Maria-Helena</subfield>
      <subfield code="d">1623-1680</subfield>
    </datafield>
    <datafield tag="400" ind1="1" ind2=" ">
      <subfield code="a">Glokkengiesserin, Marie Helene</subfield>
      <subfield code="d">1623-1680</subfield>
    </datafield>
    <datafield tag="400" ind1="1" ind2=" ">
      <subfield code="a">Glokkengiesserin, Marie-Helene</subfield>
      <subfield code="d">1623-1680</subfield>
    </datafield>
    <datafield tag="548" ind1=" " ind2=" ">
      <subfield code="a">1623-1680</subfield>
      <subfield code="4">datl</subfield>
      <subfield code="4">https://d-nb.info/standards/elementset/gnd#dateOfBirthAndDeath</subfield>
      <subfield code="w">r</subfield>
      <subfield code="i">Lebensdaten</subfield>
    </datafield>
    <datafield tag="667" ind1=" " ind2=" ">
      <subfield code="a">VD-17</subfield>
    </datafield>
    <datafield tag="672" ind1=" " ind2="0">
      <subfield code="a">Ludwig, Michael: Des Herrn JESu girrende-Taube in den Föls-Löchern etc. - 1680</subfield>
    </datafield>
    <datafield tag="678" ind1=" " ind2=" ">
      <subfield code="b">Ehefrau des Seidenhändlers Johann-Christoph Müller</subfield>
    </datafield>
    <datafield tag="913" ind1=" " ind2=" ">
      <subfield code="S">pnd</subfield>
      <subfield code="i">a</subfield>
      <subfield code="a">Müller, Maria Helena</subfield>
      <subfield code="0">(DE-588a)136577059</subfield>
    </datafield>
  </record>
